<?xml version="1.0" encoding="UTF-8"?><collection xmlns="http://www.loc.gov/MARC21/slim"><record><leader>00374nam--2200157-i-4500</leader><controlfield tag="001">000039970</controlfield><controlfield tag="002">20161230</controlfield><controlfield tag="005">20170125160845</controlfield><controlfield tag="008">060222s1000------------r-----000-0-eng-d</controlfield><datafield ind1=" " ind2=" " tag="100"><subfield code="a">Sachtler, W. M. H</subfield></datafield><datafield ind1=" " ind2=" " tag="245"><subfield code="a">?</subfield></datafield><datafield ind1=" " ind2=" " tag="260"><subfield code="a">Amsterdam</subfield><subfield code="b">North-Holland Publ.Co</subfield><subfield code="c">1965</subfield></datafield><datafield ind1=" " ind2=" " tag="300"><subfield code="a">XV + 762 p</subfield></datafield><datafield ind1=" " ind2=" " tag="700"><subfield code="a">Schuit G. C. A</subfield></datafield><datafield ind1=" " ind2=" " tag="852"><subfield code="a">21817</subfield></datafield><datafield ind1=" " ind2=" " tag="CAT"><subfield code="a">SYS</subfield><subfield code="c">20170125</subfield><subfield code="h">160845</subfield></datafield></record></collection>